
@article{musti2011,
	title = {Evolution of the household vehicle fleet: Anticipating fleet composition, PHEV adoption and GHG emissions in Austin, Texas},
	author = {Musti, Sashank and Kockelman, Kara M.},
	year = {2011},
	month = {10},
	date = {2011-10},
	journal = {Transportation Research Part A: Policy and Practice},
	pages = {707--720},
	volume = {45},
	number = {8},
	doi = {10.1016/J.TRA.2011.04.011},
	note = {Publisher: Pergamon}
}

@misc{sullivan2021,
	title = {The U.S. EV charging network isn't ready for your family road trip, let alone the expected wave of new cars},
	author = {Sullivan, Brian and Taylor, Harriet},
	year = {2021},
	month = {08},
	date = {2021-08-24},
	url = {https://www.cnbc.com/2021/08/24/cnbc-road-test-the-us-ev-charging-network-isnt-ready-for-your-family-road-trip-let-alone-the-expected-wave-of-new-cars.html}
}

@article{melliger2018,
	title = {Anxiety vs reality {\textendash} Sufficiency of battery electric vehicle range in Switzerland and Finland},
	author = {Melliger, Marc A. and van Vliet, Oscar P.R. and Liimatainen, Heikki},
	year = {2018},
	month = {12},
	date = {2018-12-01},
	journal = {Transportation Research Part D: Transport and Environment},
	pages = {101--115},
	volume = {65},
	doi = {10.1016/J.TRD.2018.08.011},
	note = {Publisher: Pergamon}
}

@misc{vehicletechnologyoffice2022,
	title = {More than Half of all Daily Trips Were Less than Three Miles in 2021},
	author = {Vehicle Technology Office, },
	year = {2022},
	date = {2022},
	url = {https://www.energy.gov/eere/vehicles/articles/fotw-1230-march-21-2022-more-half-all-daily-trips-were-less-three-miles-2021}
}

@misc{elfalan2021,
	title = {Electric Car Range and Consumption},
	author = {Elfalan, Jonathan},
	year = {2021},
	month = {02},
	date = {2021-02-09},
	url = {https://www.edmunds.com/car-news/electric-car-range-and-consumption-epa-vs-edmunds.html}
}

@techreport{aultman-hall2018,
	title = {Incorporating long-distance travel into transportation planning in the United States},
	author = {Aultman-Hall, Lisa},
	year = {2018},
	date = {2018},
	url = {https://escholarship.org/uc/item/0ft8b3b5}
}

@article{wolbertus2018,
	title = {Policy effects on charging behaviour of electric vehicle owners and on purchase intentions of prospective owners: Natural and stated choice experiments},
	author = {Wolbertus, Rick and Kroesen, Maarten and van den Hoed, Robert and Chorus, Caspar G.},
	year = {2018},
	month = {07},
	date = {2018-07-01},
	journal = {Transportation Research Part D: Transport and Environment},
	pages = {283--297},
	volume = {62},
	doi = {10.1016/j.trd.2018.03.012},
	note = {Publisher: Elsevier Ltd}
}

@article{silvia2016,
	title = {Assessing the impact of policy interventions on the adoption of plug-in electric vehicles: An agent-based model},
	author = {Silvia, Chris and Krause, Rachel M.},
	year = {2016},
	month = {09},
	date = {2016-09-01},
	journal = {Energy Policy},
	pages = {105--118},
	volume = {96},
	doi = {10.1016/J.ENPOL.2016.05.039},
	note = {Publisher: Elsevier}
}

@article{reich2021,
	title = {A Review of Spatial Causal Inference Methods for Environmental and Epidemiological Applications},
	author = {Reich, Brian J. and Yang, Shu and Guan, Yawen and Giffin, Andrew B. and Miller, Matthew J. and Rappold, Ana},
	year = {2021},
	month = {12},
	date = {2021-12-01},
	journal = {International Statistical Review},
	pages = {605--634},
	volume = {89},
	number = {3},
	doi = {10.1111/insr.12452},
	note = {arXiv: 2007.02714
Publisher: International Statistical Institute}
}

@article{granger1969,
	title = {Investigating Causal Relations by Econometric Models and Cross-spectral Methods},
	author = {Granger, Clive},
	year = {1969},
	date = {1969},
	journal = {Econometrica},
	pages = {16},
	volume = {37},
	number = {3},
	langid = {en}
}

@article{rubin2005,
	title = {Causal Inference Using Potential Outcomes: Design, Modeling, Decisions},
	author = {Rubin, Donald B},
	year = {2005},
	month = {03},
	date = {2005-03},
	journal = {Journal of the American Statistical Association},
	pages = {322--331},
	volume = {100},
	number = {469},
	doi = {10.1198/016214504000001880},
	url = {http://www.tandfonline.com/doi/abs/10.1198/016214504000001880},
	langid = {en}
}

@article{rosol2022,
	title = {Granger causality test with nonlinear neural-network-based methods: Python package and simulation study},
	author = {{Roso{\l}}, Maciej and {M{\l}y{\'{n}}czak}, Marcel and Cybulski, Gerard},
	year = {2022},
	month = {04},
	date = {2022-04},
	journal = {Computer Methods and Programs in Biomedicine},
	pages = {106669},
	volume = {216},
	doi = {10.1016/j.cmpb.2022.106669},
	url = {https://linkinghub.elsevier.com/retrieve/pii/S0169260722000542},
	langid = {en}
}

@inbook{hirano2005,
	title = {The Propensity Score with Continuous Treatments},
	author = {Hirano, Keisuke and Imbens, Guido W.},
	editor = {Gelman, Andrew and Meng, Xiao-Li},
	year = {2005},
	month = {07},
	date = {2005-07-14},
	publisher = {John Wiley & Sons, Ltd},
	pages = {73--84},
	doi = {10.1002/0470090456.ch7},
	url = {https://onlinelibrary.wiley.com/doi/10.1002/0470090456.ch7},
	note = {DOI: 10.1002/0470090456.ch7},
	address = {Chichester, UK},
	langid = {en}
}

@phdthesis{galagate2016,
	title = {Causal Inference with a Continuous Treatment and Outcome: Alternative Estimators for Parametric Dose-Response Functions with Applications},
	author = {Galagate, Douglas},
	year = {2016},
	date = {2016},
	langid = {en}
}

@article{imai2009,
	title = {Bayesian Estimation of Dynamic Discrete Choice Models},
	author = {Imai, Susumu and Jain, Neelam and Ching, Andrew},
	year = {2009},
	date = {2009},
	journal = {Econometrica},
	pages = {1865--1899},
	volume = {77},
	number = {6},
	doi = {10.3982/ECTA5658},
	url = {http://doi.wiley.com/10.3982/ECTA5658},
	langid = {en}
}

@techreport{larson2021,
	title = {Net-Zero America: Potential Pathways, Infrastructure, and Impacts, Final Report},
	author = {Larson, E. and Greig, C. and Jenkins, J. and Mayfield, E. and Pascale, A. and Zhang, C. and Drossman, J. and Williams, R. and Pacala, S. and Socolow, R. and Baik, E.J. and Birdsey, R. and Duke, R. and Jones, R. and Haley, B. and Leslie, E. and Paustian, K. and Swan, A.},
	year = {2021},
	month = {10},
	date = {2021-10-29},
	url = {https://netzeroamerica.princeton.edu/the-report},
	address = {Princeton, NJ}
}

@article{hidrue2011,
	title = {Willingness to pay for electric vehicles and their attributes},
	author = {Hidrue, Michael K. and Parsons, George R. and Kempton, Willett and Gardner, Meryl P.},
	year = {2011},
	month = {09},
	date = {2011-09},
	journal = {Resource and Energy Economics},
	pages = {686--705},
	volume = {33},
	number = {3},
	doi = {10.1016/j.reseneeco.2011.02.002},
	url = {https://linkinghub.elsevier.com/retrieve/pii/S0928765511000200},
	langid = {en}
}

@article{diamond2009,
	title = {The impact of government incentives for hybrid-electric vehicles: Evidence from US states},
	author = {Diamond, David},
	year = {2009},
	month = {03},
	date = {2009-03},
	journal = {Energy Policy},
	pages = {972--983},
	volume = {37},
	number = {3},
	doi = {10.1016/j.enpol.2008.09.094},
	url = {https://linkinghub.elsevier.com/retrieve/pii/S0301421508005466},
	langid = {en}
}

@article{li2017,
	title = {The Market for Electric Vehicles: Indirect Network Effects and Policy Design},
	author = {Li, Shanjun and Tong, Lang and Xing, Jianwei and Zhou, Yiyi},
	year = {2017},
	month = {03},
	date = {2017-03},
	journal = {Journal of the Association of Environmental and Resource Economists},
	pages = {89--133},
	volume = {4},
	number = {1},
	doi = {10.1086/689702},
	url = {https://www.journals.uchicago.edu/doi/10.1086/689702},
	langid = {en}
}

@article{sheldon2019,
	title = {Demand for Green Refueling Infrastructure},
	author = {Sheldon, Tamara L. and DeShazo, J. R. and Carson, Richard T.},
	year = {2019},
	month = {09},
	date = {2019-09},
	journal = {Environmental and Resource Economics},
	pages = {131--157},
	volume = {74},
	number = {1},
	doi = {10.1007/s10640-018-00312-9},
	url = {http://link.springer.com/10.1007/s10640-018-00312-9},
	langid = {en}
}

@article{zhou2018,
	title = {Technology Adoption and Critical Mass: The Case of the U.S. Electric Vehicle Market: Technology Adoption and Critical Mass},
	author = {Zhou, Yiyi and Li, Shanjun},
	year = {2018},
	month = {06},
	date = {2018-06},
	journal = {The Journal of Industrial Economics},
	pages = {423--480},
	volume = {66},
	number = {2},
	doi = {10.1111/joie.12176},
	url = {https://onlinelibrary.wiley.com/doi/10.1111/joie.12176},
	langid = {en}
}

@misc{eia2022,
	title = {Retail Prices for Gasoline},
	author = {EIA, },
	year = {2022},
	date = {2022},
	url = {https://www.eia.gov/dnav/pet/pet_pri_gnd_a_epm0_pte_dpgal_a.htm}
}

@techreport{epa2021,
	title = {Inventory of U.S. greenhouse gas emissions and sinks: 1990-2019},
	author = {EPA, US},
	year = {2021},
	date = {2021},
	url = {https://www.epa.gov/ghgemissions/inventory-us-greenhouse-gas-emissions-and-sinks}
}

@techreport{itf2021,
	title = {Transport Outlook 2021},
	author = {ITF, },
	year = {2021},
	date = {2021},
	url = {https://www.oecd-ilibrary.org/transport/per-capita-demand-for-urban-passenger-transport-by-world-region-to-2050_097a0f3e-en},
	address = {Paris},
	langid = {en}
}

@misc{thewhitehouse2021,
	title = {The Path to Achieving Justice40},
	author = {The White House, },
	year = {2021},
	month = {07},
	date = {2021-07-20},
	url = {https://www.whitehouse.gov/omb/briefing-room/2021/07/20/the-path-to-achieving-justice40/}
}

@misc{thewhitehouse2021-a,
	title = {The Biden-Harris Electric Vehicle Charging Action Plan},
	author = {The White House, },
	year = {2022},
	date = {2022},
	url = {https://www.whitehouse.gov/briefing-room/statements-releases/2021/12/13/fact-sheet-the-biden-harris-electric-vehicle-charging-action-plan/},
	langid = {canadian}
}

@misc{aaa2022,
	title = {State Gas Price Averages},
	author = {AAA, },
	year = {2022},
	date = {2022},
	url = {https://gasprices.aaa.com/state-gas-price-averages/}
}

@misc{uscensusbureau2020,
	title = {Inequalities Persist Despite Decline in Poverty For All Major Race and Hispanic Origin Groups},
	author = {US Census Bureau, },
	year = {2020},
	date = {2020},
	url = {https://www.census.gov/library/stories/2020/09/poverty-rates-for-blacks-and-hispanics-reached-historic-lows-in-2019.html},
	note = {Section: Government}
}

@article{elhorst2017,
	title = {The SLX model: Extensions and the sensitivity of spatial spillovers to W},
	author = {Elhorst, J Paul and Vega, Solmaria Halleck},
	year = {2017},
	date = {2017},
	journal = {Papeles de Economía Española},
	pages = {34--50},
	volume = {152},
	langid = {en}
}

@article{kobrosly2020,
	title = {causal-curve: A Python Causal Inference Package to Estimate Causal Dose-Response Curves},
	author = {Kobrosly, Roni W.},
	year = {2020},
	month = {08},
	date = {2020-08-31},
	journal = {Journal of Open Source Software},
	pages = {2523},
	volume = {5},
	number = {52},
	doi = {10.21105/joss.02523},
	url = {https://joss.theoj.org/papers/10.21105/joss.02523},
	langid = {en}
}

@techreport{menendian2020,
	title = {Roots of Structural Racism},
	author = {Menendian, Stephen and Gambhir, Samir and Hsu, Chih-Wei},
	year = {2020},
	date = {2020}
}

@misc{spieler2020,
	title = {Racism has shaped public transit, and it{\textquoteright}s riddled with inequities},
	author = {Spieler, Christof},
	year = {2020},
	month = {08},
	date = {2020-08-24},
	url = {https://kinder.rice.edu/urbanedge/2020/08/24/transportation-racism-has-shaped-public-transit-america-inequalities},
	langid = {en}
}

@article{adepetu2017,
	title = {The relative importance of price and driving range on electric vehicle adoption: Los Angeles case study},
	author = {Adepetu, Adedamola and Keshav, Srinivasan},
	year = {2017},
	month = {03},
	date = {2017-03},
	journal = {Transportation},
	pages = {353--373},
	volume = {44},
	number = {2},
	doi = {10.1007/s11116-015-9641-y},
	url = {http://link.springer.com/10.1007/s11116-015-9641-y},
	langid = {en}
}
